<?xml version="1.0" encoding="UTF-8"?><collection xmlns="http://www.loc.gov/MARC21/slim"><record><leader>00444nam--2200169-i-4500</leader><controlfield tag="001">000021174</controlfield><controlfield tag="002">20161230</controlfield><controlfield tag="005">20161230201034</controlfield><controlfield tag="008">060222s1000------------r-----000-0-ger-d</controlfield><datafield ind1=" " ind2=" " tag="040"><subfield code="a">IFIN-HH</subfield></datafield><datafield ind1=" " ind2=" " tag="041"><subfield code="a">ger</subfield></datafield><datafield ind1="1" ind2=" " tag="100"><subfield code="a">Hund, Friedrich</subfield></datafield><datafield ind1="1" ind2="0" tag="245"><subfield code="a">Theoretische physik. eine einfuhrung. bd.i: mechanik</subfield></datafield><datafield ind1=" " ind2=" " tag="260"><subfield code="a">Stuttgart 1956-1957,</subfield><subfield code="b">B.G.Teubner</subfield><subfield code="c">1956</subfield></datafield><datafield ind1=" " ind2=" " tag="300"><subfield code="a">VI + 300 P</subfield></datafield><datafield ind1=" " ind2=" " tag="852"><subfield code="a">12680</subfield><subfield code="c">530.1</subfield></datafield><datafield ind1=" " ind2=" " tag="CAT"><subfield code="a">Sys</subfield><subfield code="c">20160414</subfield><subfield code="h">100926</subfield></datafield></record></collection>